<?xml version="1.0" encoding="UTF-8"?>
<record xmlns="http://www.loc.gov/MARC21/slim">
   <leader>02513cam a2200445 a 4500</leader>
   <controlfield tag="001">981845</controlfield>
   <controlfield tag="003">NjP</controlfield>
   <controlfield tag="005">20190705142839.0</controlfield>
   <controlfield tag="008">950606s1828    tu            000 0 ara d</controlfield>
   <datafield tag="024" ind1="7" ind2=" ">
      <subfield code="a">princeton_aco003897</subfield>
      <subfield code="2">local</subfield>
   </datafield>
   <datafield ind1=" " ind2=" " tag="035">
      <subfield code="a">(CStRLIN)NJPG95-B34993</subfield>
   </datafield>
   <datafield ind1=" " ind2=" " tag="035">
      <subfield code="9">CBU8910TS</subfield>
   </datafield>
   <datafield ind1=" " ind2=" " tag="035">
      <subfield code="a">(NjP)981845</subfield>
   </datafield>
   <datafield ind1=" " ind2=" " tag="040">
      <subfield code="a">NjP</subfield>
      <subfield code="c">PUL</subfield>
      <subfield code="d">PUL</subfield>
   </datafield>
   <datafield ind1=" " ind2=" " tag="049">
      <subfield code="a">PULL</subfield>
   </datafield>
   <datafield ind1=" " ind2=" " tag="035">
      <subfield code="a">(OCoLC)ocm32787948</subfield>
   </datafield>
   <datafield ind1="1" ind2=" " tag="100">
      <subfield code="6">880-01</subfield>
      <subfield code="a">Kūzalḥiṣārī, Muṣṭafá ibn Muḥammad,</subfield>
      <subfield code="d">-1800 or 1801.</subfield>
      <subfield code="0">http://id.loc.gov/authorities/names/nr93012862</subfield>
   </datafield>
   <datafield ind1="1" ind2="0" tag="245">
      <subfield code="6">880-02</subfield>
      <subfield code="a">Ḥilyat al-nājī /</subfield>
      <subfield code="c">[Muṣṭafá ibn Muḥammad ibn Muṣṭafá al-Kudh al-Ḥiṣārī]</subfield>
   </datafield>
   <datafield ind1="3" ind2="3" tag="246">
      <subfield code="6">880-03</subfield>
      <subfield code="a">Ḥilyat al-nājī ʻalá al-sharḥ al-Ḥalabī</subfield>
   </datafield>
   <datafield ind1=" " ind2=" " tag="260">
      <subfield code="6">880-04</subfield>
      <subfield code="a">al-Qusṭanṭīnīyah :</subfield>
      <subfield code="b">bi-maʻrifat al-Ḥājj Ibrāhīm Ṣāʼib,</subfield>
      <subfield code="c">1244 [1828]</subfield>
   </datafield>
   <datafield ind1=" " ind2=" " tag="300">
      <subfield code="a">845 p. ;</subfield>
      <subfield code="c">21 cm.</subfield>
   </datafield>
   <datafield ind1=" " ind2=" " tag="500">
      <subfield code="a">Caption title.</subfield>
   </datafield>
   <datafield ind1=" " ind2=" " tag="500">
      <subfield code="6">880-05</subfield>
      <subfield code="a">"Ḥilyat al-nājī ʻalá al-Sharḥ al-Ḥalabī"--P. 3.</subfield>
   </datafield>
   <datafield ind1=" " ind2=" " tag="500">
      <subfield code="6">880-06</subfield>
      <subfield code="a">A commentary, with explanations in Ottoman Turkish, on Ibrāhīm al-Ḥalabī's commentary on al-Kashgharī's Munyat al-muṣallī.</subfield>
   </datafield>
   <datafield ind1=" " ind2="0" tag="650">
      <subfield code="a">Prayer</subfield>
      <subfield code="x">Islam.</subfield>
      <subfield code="0">http://id.loc.gov/authorities/subjects/sh85106123</subfield>
   </datafield>
   <datafield ind1="1" ind2="0" tag="600">
      <subfield code="6">880-07</subfield>
      <subfield code="a">Kāshgharī, Sadīd al-Dīn,</subfield>
      <subfield code="d">active 13th century?.</subfield>
      <subfield code="t">Munyat al-muṣallī.</subfield>
   </datafield>
   <datafield ind1="1" ind2="0" tag="600">
      <subfield code="6">880-08</subfield>
      <subfield code="a">Ḥalabī, Ibrāhīm ibn Muṣṭafá,</subfield>
      <subfield code="d">-1776.</subfield>
      <subfield code="t">Sharḥ al-Ḥalabī.</subfield>
   </datafield>
   <datafield ind1="1" ind2=" " tag="880">
      <subfield code="6">100-01/r</subfield>
      <subfield code="a">كزلحصاري، مصطفى بن محمد،</subfield>
      <subfield code="d">d.1800 or 1801.</subfield>
   </datafield>
   <datafield ind1="1" ind2="0" tag="880">
      <subfield code="6">245-02/r</subfield>
      <subfield code="a">حلية الناجي /</subfield>
      <subfield code="c">[مصطفى بن محمد بن مصطفى الكذ الحصاري]</subfield>
   </datafield>
   <datafield ind1="3" ind2="3" tag="880">
      <subfield code="6">246-03/r</subfield>
      <subfield code="a">حلية الناجي على الشرح الحلبي</subfield>
   </datafield>
   <datafield ind1=" " ind2=" " tag="880">
      <subfield code="6">260-04/r</subfield>
      <subfield code="a">القسطنطينية :</subfield>
      <subfield code="b">بمعرفة الحاج ابراهيم صائب،</subfield>
      <subfield code="c">1244 [1828]</subfield>
   </datafield>
   <datafield ind1=" " ind2=" " tag="880">
      <subfield code="6">500-05/r</subfield>
      <subfield code="a">"حلية الناجي على الشرح الحلبي P. 3</subfield>
   </datafield>
   <datafield ind1=" " ind2=" " tag="880">
      <subfield code="6">500-06/r</subfield>
      <subfield code="a">A commentary, with explanations in Ottoman Turkish, on ابراهيم الحلبي'commentary on منية المصلي.</subfield>
   </datafield>
   <datafield ind1="1" ind2="4" tag="880">
      <subfield code="6">600-07/r</subfield>
      <subfield code="a">كاشغري، سديد الدين،</subfield>
      <subfield code="d">active 13th century?.</subfield>
      <subfield code="t">منية المصلي.</subfield>
   </datafield>
   <datafield ind1="1" ind2="4" tag="880">
      <subfield code="6">600-08/r</subfield>
      <subfield code="a">حلبي، ابراهيم بن مصطفى،</subfield>
      <subfield code="d">-1776.</subfield>
      <subfield code="t">شرح الحلبي.</subfield>
   </datafield>
   <datafield ind1=" " ind2=" " tag="998">
      <subfield code="a">06/26/95</subfield>
      <subfield code="s">9114</subfield>
      <subfield code="n">NjP</subfield>
      <subfield code="w">NJPG95B34993</subfield>
      <subfield code="d">06/06/95</subfield>
      <subfield code="c">AAH</subfield>
      <subfield code="b">AAH</subfield>
      <subfield code="i">950626</subfield>
      <subfield code="l">NJPG</subfield>
   </datafield>
   <datafield ind1=" " ind2=" " tag="911">
      <subfield code="a">19950706</subfield>
   </datafield>
   <datafield ind1=" " ind2=" " tag="912">
      <subfield code="a">19961118055659.0</subfield>
   </datafield>
   <datafield ind1=" " ind2=" " tag="994">
      <subfield code="a">C0</subfield>
      <subfield code="b">PUL</subfield>
   </datafield>
   <datafield ind1=" " ind2=" " tag="999">
      <subfield code="a">981845</subfield>
   </datafield>
   <datafield ind1=" " ind2=" " tag="979">
      <subfield code="a">(OCoLC)ocn176559657</subfield>
   </datafield>
   <datafield ind1="0" ind2="0" tag="852">
      <subfield code="0">1131342</subfield>
      <subfield code="b">rcppa</subfield>
      <subfield code="t">1</subfield>
      <subfield code="h">BP178</subfield>
      <subfield code="i">.K893 1828</subfield>
      <subfield code="x">tr fr nec</subfield>
   </datafield>
   <datafield ind1=" " ind2=" " tag="959">
      <subfield code="a">2000-06-13 00:00:00 -0400</subfield>
   </datafield>
</record>
